@CONTROL{REVTEX42Control}
@CONTROL{apsrev42Control,author="00",pages="1",title="0",year="0"}



@ARTICLE{Rychel2020-vi,
  title    = "{iModulonDB}: a knowledgebase of microbial transcriptional
              regulation derived from machine learning",
  author   = "Rychel, Kevin and Decker, Katherine and Sastry, Anand V and
              Phaneuf, Patrick V and Poudel, Saugat and Palsson, Bernhard O",
  journal  = "Nucleic Acids Res.",
  month    =  oct,
  year     =  2020,
  
  issn     = "0305-1048, 1362-4962",
  pmid     = "33045728",
  doi      = "10.1093/nar/gkaa810"
}

@ARTICLE{Lamoureux2020-so,
  title    = "The Bitome: digitized genomic features reveal fundamental genome
              organization",
  author   = "Lamoureux, Cameron R and Choudhary, Kumari Sonal and King,
              Zachary A and Sandberg, Troy E and Gao, Ye and Sastry, Anand V
              and Phaneuf, Patrick V and Choe, Donghui and Cho, Byung-Kwan and
              Palsson, Bernhard O",
  journal  = "Nucleic Acids Res.",
  volume   =  48,
  number   =  18,
  pages    = "10157--10163",
  month    =  oct,
  year     =  2020,
  
  issn     = "0305-1048, 1362-4962",
  pmid     = "32976587",
  doi      = "10.1093/nar/gkaa774",
  pmc      = "PMC7544223"
}

@ARTICLE{Tan2019-oc,
  title     = "Experimental evolution reveals the genetic basis and systems
               biology of superoxide stress tolerance",
  author    = "Tan, J and Olson, C A and Park, J H and Sastry, A V and Phaneuf,
               P and {others}",
  journal   = "bioRxiv",
  publisher = "biorxiv.org",
  year      =  2019
}

@ARTICLE{Sandberg2020-gr,
  title    = "Synthetic cross-phyla gene replacement and evolutionary
              assimilation of major enzymes",
  author   = "Sandberg, Troy E and Szubin, Richard and Phaneuf, Patrick V and
              Palsson, Bernhard O",
  journal  = "Nat Ecol Evol",
  volume   =  4,
  number   =  10,
  pages    = "1402--1409",
  month    =  oct,
  year     =  2020,
  
  issn     = "2397-334X",
  pmid     = "32778753",
  doi      = "10.1038/s41559-020-1271-x",
  pmc      = "PMC7529951"
}

@ARTICLE{Phaneuf2020-ql-,
  title    = "Causal mutations from adaptive laboratory evolution are outlined
              by multiple scales of genome annotations and
              condition-specificity",
  author   = "Phaneuf, Patrick V and Yurkovich, James T and Heckmann, David and
              Wu, Muyao and Sandberg, Troy E and King, Zachary A and Tan,
              Justin and Palsson, Bernhard O and Feist, Adam M",
  journal  = "BMC Genomics",
  volume   =  21,
  number   =  1,
  pages    = "514",
  month    =  jul,
  year     =  2020,
  
  issn     = "1471-2164",
  pmid     = "32711472",
  doi      = "10.1186/s12864-020-06920-4",
  pmc      = "PMC7382830"
}

@ARTICLE{Du2020-od,
  title    = "Adaptive laboratory evolution of Escherichia coli under acid
              stress",
  author   = "Du, Bin and Olson, Connor A and Sastry, Anand V and Fang, Xin and
              Phaneuf, Patrick V and Chen, Ke and Wu, Muyao and Szubin, Richard
              and Xu, Sibei and Gao, Ye and Hefner, Ying and Feist, Adam M and
              Palsson, Bernhard O",
  journal  = "Microbiology",
  volume   =  166,
  number   =  2,
  pages    = "141--148",
  month    =  feb,
  year     =  2020,
  
  issn     = "0026-2617",
  pmid     = "31625833",
  doi      = "10.1099/mic.0.000867",
  pmc      = "PMC7273327"
}

@ARTICLE{Anand2019-yy,
  title    = "Adaptive evolution reveals a tradeoff between growth rate and
              oxidative stress during naphthoquinone-based aerobic respiration",
  author   = "Anand, Amitesh and Chen, Ke and Yang, Laurence and Sastry, Anand
              V and Olson, Connor A and Poudel, Saugat and Seif, Yara and
              Hefner, Ying and Phaneuf, Patrick V and Xu, Sibei and Szubin,
              Richard and Feist, Adam M and Palsson, Bernhard O",
  journal  = "Proc. Natl. Acad. Sci. U. S. A.",
  volume   =  116,
  number   =  50,
  pages    = "25287--25292",
  month    =  dec,
  year     =  2019,
  
  issn     = "0027-8424, 1091-6490",
  pmid     = "31767748",
  doi      = "10.1073/pnas.1909987116",
  pmc      = "PMC6911176"
}

@ARTICLE{Heckmann2020-ia,
  title     = "Kinetic profiling of metabolic specialists demonstrates
               stability and consistency of in vivo enzyme turnover numbers",
  author    = "Heckmann, David and Campeau, Anaamika and Lloyd, Colton J and
               Phaneuf, Patrick V and Hefner, Ying and Carrillo-Terrazas,
               Marvic and Feist, Adam M and Gonzalez, David J and Palsson,
               Bernhard O",
  journal   = "Proc. Natl. Acad. Sci. U. S. A.",
  publisher = "National Academy of Sciences",
  month     =  sep,
  year      =  2020,
  issn      = "0027-8424, 1091-6490",
  pmid      = "32873645",
  doi       = "10.1073/pnas.2001562117"
}

@ARTICLE{Phaneuf2019-to,
  title    = "{ALEdb} 1.0: a database of mutations from adaptive laboratory
              evolution experimentation",
  author   = "Phaneuf, Patrick V and Gosting, Dennis and Palsson, Bernhard O
              and Feist, Adam M",
  journal  = "Nucleic Acids Res.",
  volume   =  47,
  number   = "D1",
  pages    = "D1164--D1171",
  month    =  jan,
  year     =  2019,
  
  issn     = "0305-1048, 1362-4962",
  pmid     = "30357390",
  doi      = "10.1093/nar/gky983",
  pmc      = "PMC6323966"
}

@ARTICLE{Pekar2018-dr,
  title    = "Gapless, Unambiguous Genome Sequence for Escherichia coli C, a
              Workhorse of Industrial Biology",
  author   = "Pekar, Jonathan E and Phaneuf, Patrick and Szubin, Richard and
              Palsson, Bernhard and Feist, Adam and Monk, Jonathan M",
  journal  = "Microbiol Resour Announc",
  volume   =  7,
  number   =  13,
  month    =  oct,
  year     =  2018,
  
  issn     = "2576-098X",
  pmid     = "30533692",
  doi      = "10.1128/MRA.00890-18",
  pmc      = "PMC6256561"
}

@ARTICLE{Lloyd2019-sn,
  title    = "The genetic basis for adaptation of model-designed syntrophic
              co-cultures",
  author   = "Lloyd, Colton J and King, Zachary A and Sandberg, Troy E and
              Hefner, Ying and Olson, Connor A and Phaneuf, Patrick V and
              O'Brien, Edward J and Sanders, Jon G and Salido, Rodolfo A and
              Sanders, Karenina and Brennan, Caitriona and Humphrey, Gregory
              and Knight, Rob and Feist, Adam M",
  journal  = "PLoS Comput. Biol.",
  volume   =  15,
  number   =  3,
  pages    = "e1006213",
  month    =  mar,
  year     =  2019,
  
  issn     = "1553-734X, 1553-7358",
  pmid     = "30822347",
  doi      = "10.1371/journal.pcbi.1006213",
  pmc      = "PMC6415869"
}

@ARTICLE{Guzman2018-wp,
  title    = "Reframing gene essentiality in terms of adaptive flexibility",
  author   = "Guzm{\'a}n, Gabriela I and Olson, Connor A and Hefner, Ying and
              Phaneuf, Patrick V and Catoiu, Edward and Crepaldi, Lais B and
              Micas, Lucas Goldschmidt and Palsson, Bernhard O and Feist, Adam
              M",
  journal  = "BMC Syst. Biol.",
  volume   =  12,
  number   =  1,
  pages    = "143",
  month    =  dec,
  year     =  2018,
  
  issn     = "1752-0509",
  pmid     = "30558585",
  doi      = "10.1186/s12918-018-0653-z",
  pmc      = "PMC6296033"
}

@ARTICLE{Mundhada2017-rv,
  title    = "Increased production of L-serine in Escherichia coli through
              Adaptive Laboratory Evolution",
  author   = "Mundhada, Hemanshu and Seoane, Jose M and Schneider, Konstantin
              and Koza, Anna and Christensen, Hanne B and Klein, Tobias and
              Phaneuf, Patrick V and Herrgard, Markus and Feist, Adam M and
              Nielsen, Alex T",
  journal  = "Metab. Eng.",
  volume   =  39,
  pages    = "141--150",
  month    =  jan,
  year     =  2017,
  
  issn     = "1096-7176, 1096-7184",
  pmid     = "27908688",
  doi      = "10.1016/j.ymben.2016.11.008"
}

@ARTICLE{Anand2019-et,
  title    = "Pseudogene repair driven by selection pressure applied in
              experimental evolution",
  author   = "Anand, Amitesh and Olson, Connor A and Yang, Laurence and Sastry,
              Anand V and Catoiu, Edward and Choudhary, Kumari Sonal and
              Phaneuf, Patrick V and Sandberg, Troy E and Xu, Sibei and Hefner,
              Ying and Szubin, Richard and Feist, Adam M and Palsson, Bernhard
              O",
  journal  = "Nat Microbiol",
  volume   =  4,
  number   =  3,
  pages    = "386--389",
  month    =  mar,
  year     =  2019,
  
  issn     = "2058-5276",
  pmid     = "30692668",
  doi      = "10.1038/s41564-018-0340-2"
}

@ARTICLE{Yang2019-eb,
  title    = "Cellular responses to reactive oxygen species are predicted from
              molecular mechanisms",
  author   = "Yang, Laurence and Mih, Nathan and Anand, Amitesh and Park, Joon
              Ho and Tan, Justin and Yurkovich, James T and Monk, Jonathan M
              and Lloyd, Colton J and Sandberg, Troy E and Seo, Sang Woo and
              Kim, Donghyuk and Sastry, Anand V and Phaneuf, Patrick and Gao,
              Ye and Broddrick, Jared T and Chen, Ke and Heckmann, David and
              Szubin, Richard and Hefner, Ying and Feist, Adam M and Palsson,
              Bernhard O",
  journal  = "Proc. Natl. Acad. Sci. U. S. A.",
  volume   =  116,
  number   =  28,
  pages    = "14368--14373",
  month    =  jul,
  year     =  2019,
  
  issn     = "0027-8424, 1091-6490",
  pmid     = "31270234",
  doi      = "10.1073/pnas.1905039116",
  pmc      = "PMC6628673"
}
